@INPROCEEDINGS{showdown_competition,
    author={Lee, Scott and Togelius, Julian},
    booktitle={2017 IEEE Conference on Computational Intelligence and Games (CIG)}, 
    title={Showdown AI competition},
    year={2017},
    volume={},
    number={},
    pages={191-198},
    doi={10.1109/CIG.2017.8080435}
}

@misc{poke_env,
    author = {Haris Sahovic},
    title = {The pokemon showdown Python environment},
    year = {2019},
    publisher = {GitHub},
    journal = {GitHub repository},
    howpublished = {\url{https://github.com/hsahovic/poke-env}},
    commit = {e367b20d60ce93af2629eaa4501eceda9b592611}
}

@misc{pmariglia,
    author = {pmariglia},
    title = {A Pokemon Showdown Battle Bot written in Python},
    year = {2018},
    publisher = {GitHub},
    journal = {GitHub repository},
    howpublished = {\url{https://github.com/pmariglia/showdown}},
    commit = {205e5f65de13bafad8b0a8523ece557b5c79997b}
}

@misc{rempton,
    author = {RemptonGames},
    title = {POKEMON AI BATTLEBOT},
    year = {2020},
    publisher = {GitHub},
    journal = {GitHub repository},
    howpublished = {\url{https://github.com/RemptonGames/Pokemon-Showdown-Agent}},
    commit = {d60cb6366198bc906225089e21885eba023f8759}
}

@misc{remote_server,
    author = {Pokémon Showdown},
    title = {Pokémon Showdown! battle simulator},
    howpublished = {\url{https://play.pokemonshowdown.com/}},
    note = {Accessed: 2022-12-15}
}

@article{merkel2014docker,
  title={Docker: lightweight linux containers for consistent development and deployment},
  author={Merkel, Dirk},
  journal={Linux journal},
  volume={2014},
  number={239},
  pages={2},
  year={2014}
}